<record><leader>00000cas a2200000 a 4500</leader><controlfield tag="001">12156422</controlfield><controlfield tag="008">850614c190u9999ncudr ne      0    0eng  </controlfield><datafield ind1=" " ind2=" " tag="010"><subfield code="a">sn 85042325 </subfield></datafield><datafield ind1=" " ind2=" " tag="040"><subfield code="a">DLC</subfield><subfield code="b">eng</subfield><subfield code="c">DLC</subfield><subfield code="d">NPT</subfield><subfield code="d">NVJ</subfield><subfield code="d">NVK</subfield><subfield code="d">NVJ</subfield><subfield code="d">DLC</subfield><subfield code="d">OCLCQ</subfield><subfield code="d">OCLCO</subfield><subfield code="d">OCLCF</subfield><subfield code="d">CUS</subfield></datafield><datafield ind1=" " ind2=" " tag="019"><subfield code="a">990604322</subfield></datafield><datafield ind1="1" ind2=" " tag="029"><subfield code="a">AU@</subfield><subfield code="b">000020379972</subfield></datafield><datafield ind1="1" ind2=" " tag="029"><subfield code="a">AU@</subfield><subfield code="b">000046298795</subfield></datafield><datafield ind1="1" ind2=" " tag="029"><subfield code="a">NZ1</subfield><subfield code="b">16072357</subfield></datafield><datafield ind1=" " ind2=" " tag="042"><subfield code="a">pcc</subfield></datafield><datafield ind1=" " ind2=" " tag="043"><subfield code="a">n-us-nc</subfield></datafield><datafield ind1="0" ind2="0" tag="050"><subfield code="a">Newspaper</subfield></datafield><datafield ind1=" " ind2="4" tag="050"><subfield code="a">AN</subfield></datafield><datafield ind1="0" ind2="0" tag="245"><subfield code="a">Winston-Salem journal.</subfield></datafield><datafield ind1="1" ind2="3" tag="246"><subfield code="a">Morning journal</subfield></datafield><datafield ind1="1" ind2=" " tag="246"><subfield code="i">Published on Sundays as:</subfield><subfield code="a">Journal and sentinel</subfield><subfield code="f">April 22, 1929-</subfield></datafield><datafield ind1=" " ind2=" " tag="260"><subfield code="a">Winston-Salem, N.C. :</subfield><subfield code="b">Fawcett &amp; Foy</subfield></datafield><datafield ind1=" " ind2=" " tag="300"><subfield code="a">v. :</subfield><subfield code="b">ill. ;</subfield><subfield code="c">60 cm.</subfield></datafield><datafield ind1=" " ind2=" " tag="310"><subfield code="a">Daily</subfield></datafield><datafield ind1=" " ind2=" " tag="336"><subfield code="a">text</subfield><subfield code="b">txt</subfield><subfield code="2">rdacontent</subfield></datafield><datafield ind1=" " ind2=" " tag="337"><subfield code="a">unmediated</subfield><subfield code="b">n</subfield><subfield code="2">rdamedia</subfield></datafield><datafield ind1=" " ind2=" " tag="338"><subfield code="a">volume</subfield><subfield code="b">cr</subfield><subfield code="2">rdacarrier</subfield></datafield><datafield ind1=" " ind2=" " tag="500"><subfield code="a">Independent.</subfield></datafield><datafield ind1=" " ind2=" " tag="500"><subfield code="a">Easter Historical and trade supplement edited and compiled by Albert E. Walker, Mar. 16, 1913.</subfield></datafield><datafield ind1=" " ind2=" " tag="580"><subfield code="a">The Evening star, 1926-1927, and the Twin City sentinel, 1927-1974, and the Sentinel (Winston-Salem, N.C.), 1974-1985, were published as afternoon eds. of the Winston-Salem journal.</subfield></datafield><datafield ind1=" " ind2=" " tag="588"><subfield code="a">Description based on: Vol. 5, no. 244 (Jan. 3, 1902).</subfield></datafield><datafield ind1=" " ind2=" " tag="588"><subfield code="a">Latest issue consulted: 104th yr., no. 120 (July 31, 2000).</subfield></datafield><datafield ind1=" " ind2="0" tag="651"><subfield code="a">Winston-Salem (N.C.)</subfield><subfield code="v">Newspapers.</subfield></datafield><datafield ind1=" " ind2="0" tag="651"><subfield code="a">Forsyth County (N.C.)</subfield><subfield code="v">Newspapers.</subfield></datafield><datafield ind1=" " ind2="7" tag="651"><subfield code="a">North Carolina</subfield><subfield code="z">Forsyth County.</subfield><subfield code="2">fast</subfield><subfield code="0">(OCoLC)fst01207435</subfield></datafield><datafield ind1=" " ind2="7" tag="651"><subfield code="a">North Carolina</subfield><subfield code="z">Winston-Salem.</subfield><subfield code="2">fast</subfield><subfield code="0">(OCoLC)fst01206125</subfield></datafield><datafield ind1=" " ind2="7" tag="655"><subfield code="a">Newspapers.</subfield><subfield code="2">fast</subfield><subfield code="0">(OCoLC)fst01423814</subfield></datafield><datafield ind1=" " ind2=" " tag="752"><subfield code="a">United States</subfield><subfield code="b">North Carolina</subfield><subfield code="c">Forsyth</subfield><subfield code="d">Winston-Salem.</subfield></datafield><datafield ind1="1" ind2=" " tag="775"><subfield code="t">Evening star (Winston-Salem, N.C.)</subfield><subfield code="w">(DLC)sn 93065742</subfield></datafield><datafield ind1="1" ind2=" " tag="775"><subfield code="t">Twin City sentinel</subfield><subfield code="w">(DLC)sn 85042327</subfield></datafield><datafield ind1="1" ind2=" " tag="775"><subfield code="t">Sentinel (Winston-Salem, N.C.)</subfield><subfield code="w">(DLC)sn 85042328</subfield></datafield><datafield ind1="0" ind2="8" tag="776"><subfield code="i">Online version:</subfield><subfield code="t">Winston-Salem journal (Online)</subfield><subfield code="w">(DLC)sn 85042325</subfield><subfield code="w">(OCoLC)232117892</subfield></datafield><datafield ind1="0" ind2="0" tag="780"><subfield code="t">Daily journal (Winston-Salem, N.C.)</subfield><subfield code="w">(DLC)sn 92073200</subfield></datafield><datafield ind1="0" ind2="6" tag="780"><subfield code="t">Twin City sentinel</subfield><subfield code="w">(DLC)sn 85042327</subfield></datafield><datafield ind1="4" ind2="1" tag="856"><subfield code="3">EBSCOhost: 04/02/2001 to 30/10/2009.</subfield><subfield code="u">http://search.ebscohost.com/login.aspx?direct=true&amp;db=nfh&amp;jn=Winston-Salem+Journal+(NC)&amp;site=ehost-live&amp;scope=site</subfield></datafield></record>